@ONLINE { jdoc:uniqueConstraints,
    url= {https://docs.oracle.com/javaee/6/api/javax/persistence/UniqueConstraint.html},
    urldate = {2011-02-10},
    author = {Oracle Corporation},
    title = {Java Docs - Annotation Type UniqueConstraint}
}
